@article{CS15,author={Timothy I. Cannings and Richard J. Samworth},title={Random projection ensemble classification},year={2015},journal={pre-print},note={arXiv:1504.04595v1}}@inproceedings{BM01, author = {Bingham, Ella and Mannila, Heikki}, title = {Random Projection in Dimensionality Reduction: Applications to Image and Text Data}, booktitle = {Proceedings of the Seventh ACM SIGKDD International Conference on Knowledge Discovery and Data Mining}, series = {KDD '01}, year = {2001}, isbn = {1-58113-391-X}, location = {San Francisco, California}, pages = {245--250}, numpages = {6}, url = {http://doi.acm.org/10.1145/502512.502546}, doi = {10.1145/502512.502546}, acmid = {502546}, publisher = {ACM}, address = {New York, NY, USA}, keywords = {dimensionality reduction, high-dimensional data, image data, random projection, text document data},} @inproceedings{CN06, author = {Rich Caruana and Alexandru Niculescu-Mizil}, title = {An Empirical Comparison of Supervised Learning Algorithms}, booktitle = {ICML 2006}, year = {2006}, url = {https://www.cs.cornell.edu/~caruana/ctp/ct.papers/caruana.icml06.pdf}} @article{Song99, author={Hyoung-Kyu Song}, journal={Communications Letters, IEEE}, title={A channel estimation using sliding window approach and tuning algorithm for MLSE}, year={1999}, month={July}, volume={3}, number={7}, pages={211-213}, keywords={adaptive equalisers;cellular radio;least mean squares methods;maximum likelihood sequence estimation;tuning;GSM system;LMS algorithm;MLSE;adaptive maximum-likelihood sequence equalizer;channel estimation;least mean squared algorithm;mobile communication;performance;simulation results;sliding window approach;timing adjustment method;tuning algorithm;tuning scheme;AWGN;Channel estimation;Equalizers;Finite impulse response filter;GSM;Maximum likelihood detection;Maximum likelihood estimation;Mobile communication;Quadrature phase shift keying;Timing}, doi={10.1109/4234.775257}, ISSN={1089-7798},}@INPROCEEDINGS{Wei99, author={Lei Wei}, booktitle={Communications, 1999. ICC '99. 1999 IEEE International Conference on}, title={On bootstrap iterative Viterbi algorithm}, year={1999}, month={}, volume={2}, pages={1187-1191 vol.2}, keywords={Viterbi decoding;block codes;convolutional codes;error statistics;iterative decoding;2D BIVA;BER;Shannon limit;Shannon sphere packing bound;bit error rate;block codes;block length;bootstrap iterative Viterbi algorithm;convolutional code;information block length;iterative decoding;medium size blocks;standard Viterbi algorithm;turbo codes;very short size blocks;AWGN channels;Additive white noise;Binary phase shift keying;Convolutional codes;Gaussian noise;Iterative algorithms;Iterative decoding;Parity check codes;Turbo codes;Viterbi algorithm}, doi={10.1109/ICC.1999.765492},}@INPROCEEDINGS{TL98,    author = {Claes Tidestav and Erik Lindskog},    title = {Bootstrap Equalization},    booktitle = {in Proc. IEEE Int. Conf. Universal Personal Communications},    year = {1998},    pages = {1221--1225}}@book{CMG13,  title={Compressed Sensing \& Sparse Filtering},  author={Carmi, A.Y. and Mihaylova, L.S. and Godsill, S.J.},  isbn={9783642383984},  series={Signals and Communication Technology},  url={https://books.google.com/books?id=EAO4BAAAQBAJ},  year={2013},  publisher={Springer}}@book{Oppenheim97,  title={Signals and Systems},  author={Oppenheim, A.V. and Willsky, A.S. and Nawab, S.H.},  isbn={9780136511755},  lccn={96019945},  series={Prentice-Hall signal processing series},  url={https://books.google.com/books?id=O9ZHSAAACAAJ},  year={1997},  publisher={Prentice Hall}}@article{JC71,title = "Bootstrap hybrid decoding for symmetrical binary input channels ",journal = "Information and Control ",volume = "18",number = "3",pages = "261 - 298",year = "1971",note = "",issn = "0019-9958",doi = "http://dx.doi.org/10.1016/S0019-9958(71)90409-8",url = "http://www.sciencedirect.com/science/article/pii/S0019995871904098",author = "F. Jelinek and J. Cocke"}@article{Forney05,  author    = {G. David Forney Jr.},  title     = {The Viterbi Algorithm: {A} Personal History},  journal   = {CoRR},  volume    = {abs/cs/0504020},  year      = {2005},  url       = {http://arxiv.org/abs/cs/0504020},  timestamp = {Mon, 05 Dec 2011 18:03:41 +0100},  biburl    = {http://dblp.uni-trier.de/rec/bib/journals/corr/abs-cs-0504020},  bibsource = {dblp computer science bibliography, http://dblp.org}}